@ARTICLE{Fang23,
  author={Fang, Xianzhong and Huang, Jin and Tong, Yiying and Bao, Hujun},
  journal={IEEE Transactions on Visualization and Computer Graphics}, 
  title={Metric-Driven 3D Frame Field Generation}, 
  year={2023},
  volume={29},
  number={4},
  pages={1964-1976},
  doi={10.1109/TVCG.2021.3136199}}

@book{Pap20,
author = {Papachristou, Costas},
year = {2020},
month = {01},
pages = {},
title = {Aspects of Integrability of Differential Systems and Fields: A Mathematical Primer for Physicists},
isbn = {978-3-030-35001-7},
doi = {10.1007/978-3-030-35002-4}
}
